<?xml version="1.0" encoding="UTF-8"?><collection xmlns="http://www.loc.gov/MARC21/slim"><record><leader>00504nam--2200181-i-4500</leader><controlfield tag="001">000010586</controlfield><controlfield tag="002">20161230</controlfield><controlfield tag="005">20170127222143</controlfield><controlfield tag="008">060222s1000------------r-----000-0-fre-d</controlfield><datafield ind1=" " ind2=" " tag="040"><subfield code="a">IFIN-HH</subfield></datafield><datafield ind1=" " ind2=" " tag="041"><subfield code="a">fre</subfield></datafield><datafield ind1=" " ind2=" " tag="080"><subfield code="a">539.3:539.12.04:015</subfield></datafield><datafield ind1="1" ind2=" " tag="100"><subfield code="a">Chaabouni, Abserrauak</subfield></datafield><datafield ind1="1" ind2="0" tag="245"><subfield code="a">Comportement mecanique des materiaux sour irradiation</subfield><subfield code="b">These</subfield><subfield code="c">Abserrauak chaabouni</subfield></datafield><datafield ind1=" " ind2=" " tag="260"><subfield code="a">Paris</subfield><subfield code="b">Universite De Paris</subfield><subfield code="c">1971</subfield></datafield><datafield ind1=" " ind2=" " tag="300"><subfield code="a">124 p</subfield></datafield><datafield ind1=" " ind2=" " tag="852"><subfield code="a">38298</subfield><subfield code="c">539.3</subfield></datafield><datafield ind1=" " ind2=" " tag="CAT"><subfield code="a">SYS</subfield><subfield code="c">20170127</subfield><subfield code="h">222143</subfield></datafield></record></collection>